article{tolimieri2023changes,
  title={{Changes in kelp forest communities off Washington, USA, during and after the 2014-2016 marine heatwave and sea star wasting syndrome}},
  author={Tolimieri, Nick and Shelton, Andrew O and Samhouri, Jameal F and Harvey, Chris J and Feist, Blake E and Williams, Gregory D and Andrews, Kelly S and Frick, Kinsey E and Lonhart, Steve and Sullaway, Genoa and others},
  journal={Marine Ecology Progress Series},
  volume={703},
  pages={47--66},
  year={2023}
}

@article{johansson2018seasonal,
  title={{Seasonal distribution of late larval and juvenile rockfish (\textit{Sebastes} spp.) and associated environmental conditions off Oregon and Washington: new insights based on genetics}},
  author={Johansson, Mattias L and Litz, Marisa NC and Brodeur, Richard D and Britt, Tristan A and Vanegas, Camilo A and Hyde, John R and Banks, Michael A},
  journal={Fishery Bulletin},
  number={3-4},
  pages={266--291},
  year={2018},
  publisher={National Marine Fisheries Service}
}

@article{markel2020contrasting,
  title={{Contrasting effects of coastal upwelling on growth and recruitment of nearshore Pacific rockfishes (genus \textit{Sebastes})}},
  author={Markel, Russell W and Shurin, Jonathan B},
  journal={Canadian Journal of Fisheries and Aquatic Sciences},
  volume={77},
  number={6},
  pages={950--962},
  year={2020},
  publisher={NRC Research Press}
}

@misc{malone2022large,
  title={{Large-scale, multidecade monitoring data from kelp forest ecosystems in California and Oregon (USA)}},
  author={Malone, Daniel P and Davis, Kathryn and Lonhart, Steve I and Parsons-Field, Avrey and Caselle, Jennifer E and Carr, Mark H},
  year={2022},
  publisher={Wiley Online Library}
}